<record><leader>00000cas a2200000 a 4500</leader><controlfield tag="001">15217802</controlfield><controlfield tag="008">870220d18781879miuwr ne      0    0eng c</controlfield><datafield ind1=" " ind2=" " tag="010"><subfield code="a">sn 96076675 </subfield></datafield><datafield ind1=" " ind2=" " tag="040"><subfield code="a">EYQ</subfield><subfield code="b">eng</subfield><subfield code="c">EYQ</subfield><subfield code="d">MHN</subfield><subfield code="d">NVK</subfield><subfield code="d">MHN</subfield><subfield code="d">OCL</subfield><subfield code="d">OCLCQ</subfield><subfield code="d">OCLCF</subfield><subfield code="d">OCLCO</subfield></datafield><datafield ind1="1" ind2=" " tag="029"><subfield code="a">AU@</subfield><subfield code="b">000012570443</subfield></datafield><datafield ind1=" " ind2=" " tag="042"><subfield code="a">pcc</subfield></datafield><datafield ind1=" " ind2=" " tag="043"><subfield code="a">n-us-mi</subfield></datafield><datafield ind1="0" ind2=" " tag="130"><subfield code="a">Eccentric (Birmingham, Mich. : 1878)</subfield></datafield><datafield ind1="1" ind2="4" tag="245"><subfield code="a">The Eccentric.</subfield></datafield><datafield ind1=" " ind2=" " tag="260"><subfield code="a">Birmingham [Mich.] :</subfield><subfield code="b">Whitehead &amp; Mitchell</subfield></datafield><datafield ind1=" " ind2=" " tag="300"><subfield code="a">v. :</subfield><subfield code="b">ill. ;</subfield><subfield code="c">60 cm.</subfield></datafield><datafield ind1=" " ind2=" " tag="310"><subfield code="a">Weekly</subfield></datafield><datafield ind1="0" ind2=" " tag="362"><subfield code="a">Vol. 1, no. 1 (May 2, 1878)-v. 1, no. 52 (Apr. 25, 1879).</subfield></datafield><datafield ind1=" " ind2=" " tag="588"><subfield code="a">Description based on reproduction in: Birmingham eccentric, 51st yr., no. 5 (May 17, 1928)." ... Page One of the Eccentric's first edition. The succeeding three pages follow. These reproductions are the exact size of the original edition."</subfield></datafield><datafield ind1=" " ind2="0" tag="651"><subfield code="a">Birmingham (Mich.)</subfield><subfield code="v">Newspapers.</subfield></datafield><datafield ind1=" " ind2="0" tag="651"><subfield code="a">Oakland County (Mich.)</subfield><subfield code="v">Newspapers.</subfield></datafield><datafield ind1=" " ind2="7" tag="655"><subfield code="a">Newspapers.</subfield><subfield code="2">fast</subfield><subfield code="0">(OCoLC)fst01423814</subfield></datafield><datafield ind1=" " ind2="7" tag="651"><subfield code="a">Michigan</subfield><subfield code="z">Birmingham.</subfield><subfield code="2">fast</subfield><subfield code="0">(OCoLC)fst01215330</subfield></datafield><datafield ind1=" " ind2="7" tag="651"><subfield code="a">Michigan</subfield><subfield code="z">Oakland County.</subfield><subfield code="2">fast</subfield><subfield code="0">(OCoLC)fst01214740</subfield></datafield><datafield ind1=" " ind2=" " tag="752"><subfield code="a">United States</subfield><subfield code="b">Michigan</subfield><subfield code="c">Oakland</subfield><subfield code="d">Birmingham.</subfield></datafield><datafield ind1="0" ind2="0" tag="785"><subfield code="t">Birmingham eccentric</subfield><subfield code="w">(DLC)sn 83016629</subfield><subfield code="w">(OCoLC)9948897</subfield></datafield></record>